<record><leader>00000cas a22000007a 4500</leader><controlfield tag="001">17531948</controlfield><controlfield tag="008">880224d186518uutxucr ne      0    0eng d</controlfield><datafield ind1=" " ind2=" " tag="010"><subfield code="a">sn 88083336 </subfield></datafield><datafield ind1=" " ind2=" " tag="040"><subfield code="a">PPM</subfield><subfield code="b">eng</subfield><subfield code="c">PPM</subfield><subfield code="d">ANU</subfield><subfield code="d">OCLCQ</subfield></datafield><datafield ind1=" " ind2=" " tag="042"><subfield code="a">msc</subfield></datafield><datafield ind1="0" ind2="4" tag="245"><subfield code="a">The Semi-weekly state gazette.</subfield></datafield><datafield ind1="3" ind2="0" tag="246"><subfield code="a">Semiweekly state gazette</subfield></datafield><datafield ind1=" " ind2=" " tag="260"><subfield code="a">Austin, Tex. :</subfield><subfield code="b">N.G. Raymond</subfield></datafield><datafield ind1=" " ind2=" " tag="300"><subfield code="a">v.</subfield></datafield><datafield ind1=" " ind2=" " tag="310"><subfield code="a">Semiweekly</subfield></datafield><datafield ind1="1" ind2=" " tag="362"><subfield code="a">Began in Nov. 1865?</subfield></datafield><datafield ind1=" " ind2=" " tag="588"><subfield code="a">Description based on: Vol. 1, no. 2 (Nov. 16, 1865).</subfield></datafield><datafield ind1=" " ind2=" " tag="752"><subfield code="a">United States</subfield><subfield code="b">Texas</subfield><subfield code="c">Travis</subfield><subfield code="d">Austin.</subfield></datafield><datafield ind1="0" ind2=" " tag="775"><subfield code="t">Weekly state gazette (Austin, Tex. : 1864)</subfield><subfield code="w">(DLC)sn 83021324</subfield><subfield code="w">(OCoLC)10116890</subfield></datafield><datafield ind1="0" ind2=" " tag="775"><subfield code="t">Tri-weekly state gazette</subfield><subfield code="w">(DLC)sn 83025701</subfield><subfield code="w">(OCoLC)9767173</subfield></datafield><datafield ind1="0" ind2=" " tag="775"><subfield code="t">Daily state gazette (Austin, Tex. : 1867)</subfield><subfield code="w">(DLC)sn 83021323</subfield><subfield code="w">(OCoLC)10116835</subfield></datafield></record>